@book{konzepte_der_petrinetze,
    AUTHOR = {Wolfgang Reisig, Jörg Diesel},
    Title = {Konzepte der Petrinezte},
    Institution = {FernUniversität zu Berlin, FernUniversität in Hagen}
}
@book{hu_berlin:petrinetze,
    AUTHOR = "Wolfgang Reisig",
    TITLE = "Petrinetze Modellierungstechnik, Analysemethoden, Fallstudien",
    YEAR = "2010"
}
@misc{tu_dresden:petrinetze,
    AUTHOR = {Jan Funke},
    INSTITUTION = {TU Dresden},
    YEAR =  {2006},
    Title = {Einführung in die Theorie gefärbter Petrinetze}
}
@ONLINE{hu_berlin:petrinetze:plaetze,
    AUTHOR = {Manuel Hertlein},
    Institution = {Humboldt Universität zu Berlin},
    Title = {Petri-Netze / Eine Einführung},
    YEAR = {2015},
    url = {https://www2.informatik.hu-berlin.de/top/lehre/WS05-06/se_systementwurf/Petrinetze-1.pdf}
}
@ONLINE {microsoft:deadlocks,
    Institution = {Microsoft},
    Title = {Deadlocking},
    Year = {2015},
    Month = {Junie},
    url = {https://technet.microsoft.com/en-us/library/ms177433(v=sql.105).aspx}
}
@ONLINE {uni_hamburg:pioneerAward,
    Insitution = {Universität Hamburg},
    Title = {Obituary - Carl Adam Petri (1926-2010)},
    Year = {2015},
    MONTH = {Junie},
    url = {http://www.informatik.uni-hamburg.de/TGI/mitarbeiter/profs/petri/obituary.html}
}
@BOOK {fernuni_hagen:diss,
    Institution = {FernUniversität in Hagen},
    Title = {Verifikation von Halbgeordneten Abläufen in Petrinetzen},
    Year = {2013},
    Month = {Februar},
    Author = {Robin Bergenthum}
}

